<?xml version="1.0" encoding="UTF-8"?><collection xmlns="http://www.loc.gov/MARC21/slim"><record><leader>00378nam--2200121-i-4500</leader><controlfield tag="001">000046109</controlfield><controlfield tag="002">20161230</controlfield><controlfield tag="005">20161230201045</controlfield><controlfield tag="008">060222s1000------------r-----000-0-eng-d</controlfield><datafield ind1=" " ind2=" " tag="080"><subfield code="a">061.62(016:41-4):016(41-4)</subfield></datafield><datafield ind1=" " ind2=" " tag="245"><subfield code="a">United kingdom atomic energy authority. list of publications available to the public</subfield></datafield><datafield ind1=" " ind2=" " tag="260"><subfield code="a">Harwell, Atomic Energy Research Establ., 1960</subfield></datafield><datafield ind1=" " ind2=" " tag="852"><subfield code="a">D.1030</subfield></datafield></record></collection>